@article{cap,
	author = {Gilbert, Seth and Lynch, Nancy},
	title = {Brewer's Conjecture and the Feasibility of Consistent, Available, Partition-tolerant Web Services},
	journal = {SIGACT News},
	issue_date = {June 2002},
	volume = {33},
	number = {2},
	month = jun,
	year = {2002},
	issn = {0163-5700},
	pages = {51--59},
	numpages = {9},
	url = {http://doi.acm.org/10.1145/564585.564601},
	doi = {10.1145/564585.564601},
	acmid = {564601},
	publisher = {ACM},
	address = {New York, NY, USA},
},
@article{flp,
	author = {Fischer, Michael J. and Lynch, Nancy A. and Paterson, Michael S.},
	title = {Impossibility of Distributed Consensus with One Faulty Process},
	journal = {J. ACM},
	issue_date = {April 1985},
	volume = {32},
	number = {2},
	month = apr,
	year = {1985},
	issn = {0004-5411},
	pages = {374--382},
	numpages = {9},
	url = {http://doi.acm.org/10.1145/3149.214121},
	doi = {10.1145/3149.214121},
	acmid = {214121},
	publisher = {ACM},
	address = {New York, NY, USA},
},
@article{paxos,
	author = {Lamport, Leslie},
	title = {The Part-time Parliament},
	journal = {ACM Trans. Comput. Syst.},
	issue_date = {May 1998},
	volume = {16},
	number = {2},
	month = may,
	year = {1998},
	issn = {0734-2071},
	pages = {133--169},
	numpages = {37},
	url = {http://doi.acm.org/10.1145/279227.279229},
	doi = {10.1145/279227.279229},
	acmid = {279229},
	publisher = {ACM},
	address = {New York, NY, USA},
	keywords = {state machines, three-phase commit, voting},
},
@article{paxos-made-simple,
	author = {Lamport, Leslie},
	title = {Paxos Made Simple},
	year = {2001},
	month = {December},
	url = {https://www.microsoft.com/en-us/research/publication/paxos-made-simple/},
	pages = {51-58},
	journal = {ACM SIGACT News (Distributed Computing Column) 32, 4 (Whole Number 121, December 2001)},
	edition = {ACM SIGACT News (Distributed Computing Column) 32, 4 (Whole Number 121, December 2001)},
},
@inproceedings{paxos-made-live,
	author = {Chandra, Tushar D. and Griesemer, Robert and Redstone, Joshua},
	title = {Paxos Made Live: An Engineering Perspective},
	booktitle = {Proceedings of the Twenty-sixth Annual ACM Symposium on Principles of Distributed Computing},
	series = {PODC '07},
	year = {2007},
	isbn = {978-1-59593-616-5},
	location = {Portland, Oregon, USA},
	pages = {398--407},
	numpages = {10},
	url = {http://doi.acm.org/10.1145/1281100.1281103},
	doi = {10.1145/1281100.1281103},
	acmid = {1281103},
	publisher = {ACM},
	address = {New York, NY, USA},
	keywords = {Paxos, experiences, fault-tolerance, implementation},
},
@article{paxos-made-complex,
	author = {Van Renesse, Robbert and Altinbuken, Deniz},
	title = {Paxos Made Moderately Complex},
	journal = {ACM Comput. Surv.},
	issue_date = {April 2015},
	volume = {47},
	number = {3},
	month = feb,
	year = {2015},
	issn = {0360-0300},
	pages = {42:1--42:36},
	articleno = {42},
	numpages = {36},
	url = {http://doi.acm.org/10.1145/2673577},
	doi = {10.1145/2673577},
	acmid = {2673577},
	publisher = {ACM},
	address = {New York, NY, USA},
	keywords = {Replicated state machines, consensus, voting},
},
@inproceedings{byzantine-paxos,
	author = {Lamport, Leslie},
	title = {Byzantizing Paxos by Refinement},
	booktitle = {Proceedings of the 25th International Conference on Distributed Computing},
	series = {DISC'11},
	year = {2011},
	isbn = {978-3-642-24099-7},
	location = {Rome, Italy},
	pages = {211--224},
	numpages = {14},
	url = {http://dl.acm.org/citation.cfm?id=2075029.2075058},
	acmid = {2075058},
	publisher = {Springer-Verlag},
	address = {Berlin, Heidelberg},
},
@article{zab,
	title={Zab: High-performance broadcast for primary-backup systems},
	author={Flavio Paiva Junqueira and Benjamin C. Reed and Marco Serafini},
	journal={2011 IEEE/IFIP 41st International Conference on Dependable Systems \& Networks (DSN)},
	year={2011},
	pages={245-256}
},
@inproceedings{raft,
	author = {Ongaro, Diego and Ousterhout, John},
	title = {In Search of an Understandable Consensus Algorithm},
	booktitle = {Proceedings of the 2014 USENIX Conference on USENIX Annual Technical Conference},
	series = {USENIX ATC'14},
	year = {2014},
	isbn = {978-1-931971-10-2},
	location = {Philadelphia, PA},
	pages = {305--320},
	numpages = {16},
	url = {http://dl.acm.org/citation.cfm?id=2643634.2643666},
	acmid = {2643666},
	publisher = {USENIX Association},
	address = {Berkeley, CA, USA},
},
@book{raft-thesis,
	title={Consensus: Bridging Theory and Practice},
	author={Ongaro, D. and Ousterhout, J.K. and Mazi{\`e}res, D.F. and Rosenblum, M. and Stanford University. Computer Science Department},
	url={https://books.google.de/books?id=xfLynQAACAAJ},
	year={2014}
},
@misc{raft-user-study,
	title = {Raft User Study},
	author={Diego Ongaro and John Ousterhout},
	howpublished = {\url{https://raft.github.io/slides/raftuserstudy2013.pdf}},
	note = {Aufgerufen am 04.04.2019}
},
@article{pc,
	title={Analysis and verification of Two-Phase Commit & Three-Phase Commit Protocols},
	author={Muhammad Atif},
	journal={2009 International Conference on Emerging Technologies},
	year={2009},
	pages={326-331}
},
@misc{oracle-db-2pc,
	title = {Oracle Database Administrator's Guide},
	howpublished = {\url{https://docs.oracle.com/en/database/oracle/oracle-database/19/admin/distributed-transactions-concepts.html#GUID-8152084F-4760-4B89-A91C-9A84F81C23D1}},
	note = {Aufgerufen am 1.3.2019}
},
@misc{zookeeper,
	title = {Apache Zookeeper},
	howpublished = {\url{https://zookeeper.apache.org/}},
	note = {Aufgerufen am 24.3.2019}
},
@misc{consul,
	title = {Consul},
	howpublished = {\url{https://www.consul.io/}},
	note = {Aufgerufen am 24.3.2019}
},
@misc{consul-client,
	title = {consul-client},
	howpublished = {\url{https://github.com/rickfast/consul-client}},
	note = {Aufgerufen am 24.3.2019}
},
@misc{curator,
	title = {Apache Curator},
	howpublished = {\url{http://curator.apache.org/}},
	note = {Aufgerufen am 24.3.2019}
},
@misc{etcd,
	title = {etcd},
	howpublished = {\url{https://coreos.com/etcd/}},
	note = {Aufgerufen am 15.4.2019}
},
@misc{jetcd,
	title = {jetcd},
	howpublished = {\url{https://github.com/etcd-io/jetcd}},
	note = {Aufgerufen am 15.4.2019}
},
@misc{kubernetes,
	title = {jetcd},
	howpublished = {\url{https://kubernetes.io/}},
	note = {Aufgerufen am 15.4.2019}
},
@techreport{uuid,
	AUTHOR = {P. Leach, N. Mealling and R. Salz},
	TITLE = "{A Universally Unique IDentifier (UUID)}",
	HOWPUBLISHED = {Internet Requests for Comments},
	TYPE="{RFC}",
	NUMBER=4122,
	YEAR = {2005},
	MONTH = {July},
	PUBLISHER = "{RFC Editor}",
	INSTITUTION = "{RFC Editor}",
	URL={https://www.rfc-editor.org/rfc/rfc4122.txt}
},
@misc{bitcoin,
	added-at = {2014-04-17T08:33:06.000+0200},
	author = {Nakamoto, Satoshi},
	biburl = {https://www.bibsonomy.org/bibtex/23db66df0fc9fa2b5033f096a901f1c36/ngnn},
	interhash = {423c2cdff70ba0cd0bca55ebb164d770},
	intrahash = {3db66df0fc9fa2b5033f096a901f1c36},
	keywords = {imported},
	timestamp = {2014-04-17T08:33:06.000+0200},
	title = {Bitcoin: A peer-to-peer electronic cash system},
	url = {http://www.bitcoin.org/bitcoin.pdf},
	year = 2009
}








